%----------------------------------------------------------------------------------
% Exemplo do uso dos estilos bibliográficos ppgcc-{alpha,num}.bst.
% Veja o arquivo pucrs-ppgcc.cls para mais detalhes e instruções.
%----------------------------------------------------------------------------------

-- Atenção! Sempre confira as entradas BibTeX copiadas de
bibliotecas digitais, pois muitas vezes as mesmas possuem o
formato incorreto, ou falta alguma informação necessária para
a referência.

-- Exemplo de referência a artigos de revistas e periódicos
@article{NAGAPACKING07,
   address={Amsterdam, The Netherlands, The Netherlands},
   author={Hiroshi Nagamochi and Yuusuke Abe},
   journal={Discrete Appl. Math.},
   number={4},
   pages={523--537},
   publisher={Elsevier Science Publishers B. V.},
   title={An approximation algorithm for dissecting a rectangle into rectangles with specified areas},
   volume={155},
   year={2007},
}

-- Exemplo de referência a livros
@book{CORMEMALGORITHMS01,
   address={Cambridge, MA},
   author={Cormen, Thomas  H. and Leiserson, Charles E. and Rivest, Ronald L. and Stein, Clifford},
   howpublished={Paperback},
   month={September},
   numpages={1184},
   publisher={{The MIT Press}},
   title={Introduction to Algorithms, Second Edition},
   year={2001},
}

-- Exemplo de referência a um capítulo de livro
@inbook{SKIENAC698,
   address={New York, NY, USA},
   author={Steven S. Skiena},
   publisher={Springer-Verlag New York, Inc.},
   title={The algorithm design manual},
   year={1998},
   chapter={6},
   pages={139--161}
}

-- Exemplo de referência a uma parte de livro com título e autores próprios
@incollection{BENTLEYBC07,
   author={Jon Bentley},
   title={The Most Beautiful Code {I} Never Wrote},
   booktitle={Beautiful Code: Leading Programmers Explain How They Think},
   editor={Andy Oram and Greg Wilson},
   chapter={3},
   publisher={O'Reilly \& Associates, Inc.},
   address={Sebastopol, CA},
   year={2007},
   pages={29--40},
   numpages={618}
}

-- Exemplos de referência para artigos em conferências
@inproceedings{BRIANPL04,
   address={Washington, DC, USA},
   author={Brian Clayton Atkins},
   booktitle={International Conference on Image Processing},
   location={Singapore},
   month={Out},
   pages={2897-2900},
   publisher={IEEE Computer Society},
   title={Adaptive photo collection page layout},
   volume={5},
   year={2004},
}
@inproceedings{OLIVEIRAAPL08,
   address={New York, NY, USA},
   author={Jo{\~a}o Batista S. de Oliveira},
   booktitle={Proceedings of the eighth ACM symposium on Document engineering},
   location={Sao Paulo, Brazil},
   pages={141--149},
   publisher={ACM},
   title={Two algorithms for automatic document page layout},
   year={2008},
}
@inproceedings{PICCOLIAPL11,
   author={Piccoli, Ricardo Farias Bidart and Chamun, Rodrigo and Cogo, Nicole Carrion and de Oliveira, Jo{\~a}o Batista Souza and Manssour, Isabel Harb},
   title={A novel physics-based interaction model for free document layout},
   booktitle={Proceedings of the 11th ACM symposium on Document engineering},
   series={DocEng '11},
   year={2011},
   isbn={978-1-4503-0863-2},
   location={Mountain View, California, USA},
   pages={153--162},
   numpages={10},
   url={http://doi.acm.org/10.1145/2034691.2034725},
   doi={10.1145/2034691.2034725},
   acmid={2034725},
   publisher={ACM},
   address={New York, NY, USA},
   keywords={authoring, automatic document layout, force-directed methods, personalized documents, physics-based simulation},
}

-- Exemplo de referência para dissertações de mestrado
@mastersthesis{PICCOLIDM08,
   address={Porto Alegre, RS, Brasil},
   author={Ricardo Farias Bidart Piccoli},
   numpages={104},
   school={Faculdade de Inform\'{a}tica -- PUCRS},
   title={Um algoritmo determin\'{i}stico para adapta\c{c}\~{a}o autom\'{a}tica de documentos de conte\'{u}do vari\'{a}vel},
   year={2008},
   url={http://tede.pucrs.br/tde_busca/arquivo.php?codArquivo=2593}
}
@mastersthesis{GOLDENBERGAPL02,
   address={Brighton, UK},
   author={Eldan Goldenberg},
   month={Nov},
   numpages={41},
   school={School of Cognitive \& Computing Sciences, University of Sussex},
   title={Automatic layout of variable-content print data},
   url={http://www.hpl.hp.com/techreports/2002/HPL-2002-286.html},
   year={2009},
}

-- Exemplo de referência para teses de doutorado
@phdthesis{PLASSPAG81,
   address={Stanford, CA, USA},
   author={Michael Frederick Plass},
   numpages={80},
   school={Stanford University},
   title={Optimal pagination techniques for automatic typesetting systems},
   year={1981},
}

-- Exemplo de technical report
@techreport{XIAOAPL05,
   address={Palo Alto, CA, USA},
   author={Xiaofan Lin},
   institution={Hewlett \& Packard Laboratories},
   numpages={33},
   title={Active Layout Engine: Algorithms and Applications in Variable Data Printing},
   url={http://www.hpl.hp.com/techreports/2005/HPL-2005-6R1.html},
   year={2005},
}

-- Exemplos de referências a sites da Internet
@misc{COFFMANPACKING98,
   author={E. Coffman and J. Galambos and S. Martello and D. Vigo},
   title={Bin packing approximation algorithms: Combinatorial Analysis},
   url={http://citeseer.ist.psu.edu/coffman98bin.html},
   urlaccessdate={Dez. 2007},
   year={1998}
}
@misc{WIKIPIC09,
   author={Wikipedia},
   title={Wikipedia:Featured pictures --- {W}ikipedia{,} The Free Encyclopedia},
   month={Nov},
   url={http://en.wikipedia.org/wiki/Featured_pictures},
   year={2009},
}

% ----------------------------------------------------------
% Nossas Bibliografias
% ----------------------------------------------------------

@article{rdd,
    Author = {Andrejus Korolkovas and Elizabeth Igne Ferreira},
    Title  = {Planejamento Racional de F{\'a}rmacos},
    Url    = {http://submission.quimicanova.sbq.org.br/qn/qnol/1988/vol11n3/v11_n3_%20(11).pdf},
    Year   = {1988}
}
  
@article{kun92,
    Author  = {Irwin D. Kuntz},
    Title   = {Structure-based strategies for drug design and discovery},
    Journal = {Science},
    Year    = {1992},
    Volume  = {257},
    Pages   = {1078-1082}
}

@article{dre00,
    Author  = {Drews, J.},
    Title   = {Drug discovery: a historical perspective},
    Journal = {Science},
    Year    = {2000},
    Volume  = {287},
    Pages   = {1960-1964}
}
    
@article{far99,
    Author  = {Farber, GK.},
    Title   = {New approaches to rational drug design},
    Journal = {Pharmacol Ther},
    Year    = {1999},
    Volume  = {84},
    Pages   = {327-332}
}

@article{ber00,
    author  = {Helen M. Berman and John Westbrook and Zukang Feng and Gary Gilliland and T. N. Bhat and Helge Weissig and Ilya N. Shindyalov and Philip E. Bourne},
    title   = {The Protein Data Bank},
    journal = {Nucleic Acids Res},
    year    = {2000},
    volume  = {28},
    pages   = {235--242}
}    

@article{irw05,
  author      = {Irwin, John J. and Shoichet, Brian K.},
  biburl      = {http://www.bibsonomy.org/bibtex/25d1da6e4c1da975cd44aaab785ad5c25/dblp},
  date        = {2006-10-05},
  description = {dblp},
  ee          = {http://dx.doi.org/10.1021/ci049714+},
  journal     = {Journal of Chemical Information and Modeling},
  keywords    = {dblp},
  pages       = {177-182},
  title       = {ZINC - A Free Database of Commercially Available Compounds for Virtual Screening.},
  url         = {http://dblp.uni-trier.de/db/journals/jcisd/jcisd45.html#IrwinS05},
  volume      = {45},
  year        = {2005}
}
    
@article{mor98,
  title   = {Automated docking using a Lamarckian genetic algorithm and an empirical binding free energy function},
  author  = {Morris, Garrett M and Goodsell, David S and Halliday, Robert S and Huey, Ruth and Hart, William E and Belew, Richard K and Olson, Arthur J},
  journal = {Journal of computational chemistry},
  volume  = {19},
  number  = {14},
  pages   = {1639--1662},
  year    = {1998}
}
    
@book{art08,
  title={Introdu{\c{c}}{\~a}o {\`a} bioinform{\'a}tica},
  author={Lesk, A.M.},
  isbn={9788536311043},
  url={http://books.google.com.br/books?id=uhB-PgAACAAJ},
  year={2008},
  publisher={Artmed}
}

@misc{pyt00,
  author = {Python Software Foundation},
  title  = {The Python Tutorial},
  month  = {05},
  year   = {2014},
  url    = {https://docs.python.org/3/tutorial/index.html}
}

@misc{pyt01,
  author = {Wikibooks},
  title  = {Python Programming/Overview},
  month  = {05},
  year   = {2014},
  url    = {http://en.wikibooks.org/wiki/Python_Programming/Overview}
}

@article{kar11,
  title  = {Seleção eficiente de conformações de receptor flexível em simulações de docagem molecular},
  author = {Karina dos Santos Machado},
  year   = {2011},
  url    = {http://hdl.handle.net/10923/1569}
}

@article{kar07,
  title = {Um Workflow Científico para a Modelagem do Processo de Desenvolvimento de Fármacos Assistido por Computador Utilizando Receptor Flexível},
  author = {Karina dos Santos Machado},
  year = {2007},
  url = {http://hdl.handle.net/10923/1522}
}

@article{nam08,
  title     = {Din{\^a}mica molecular: teoria e aplica{\c{c}}{\~o}es em planejamento de f{\'a}rmacos},
  author    = {Namba, AM and Da Silva, VB and Da Silva, CHTP},
  journal   = {Ecl{\'e}tica Qu{\'\i}mica},
  volume    = {33},
  number    = {4},
  pages     = {13--23},
  year      = {2008},
  publisher = {SciELO Brasil}
}

@article{LEN96,
  title   = {Computational methods for biomolecular docking },
  journal = {Current Opinion in Structural Biology },
  volume  = {6},
  number  = {3},
  pages   = {402 - 406},
  year    = {1996},
  issn    = {0959-440X},
  doi     = {http://dx.doi.org/10.1016/S0959-440X(96)80061-3},
  url     = {http://www.sciencedirect.com/science/article/pii/S0959440X96800613},
  author  = {Thomas Lengauer and Matthias Rarey}
}

@article{SOU06,
  title     = {Protein--ligand docking: current status and future challenges},
  author    = {Sousa, Sergio Filipe and Fernandes, Pedro Alexandrino and Ramos, Maria Joao},
  journal   = {Proteins: Structure, Function, and Bioinformatics},
  volume    = {65},
  number    = {1},
  pages     = {15--26},
  year      = {2006},
  publisher = {Wiley Online Library}
}

@book{ALE13,
  title     = {Protein Engineering - Technology and Application},
  author    = {Alejandra Hernández-Santoyo and Aldo Yair Tenorio-Barajas and Victor Altuzar and Héctor Vivanco-Cid and Claudia Mendoza-Barrera},
  isbn      = {9789535111382},
  url       = {http://www.intechopen.com/books/protein-engineering-technology-and-application/protein-protein-and-protein-ligand-docking},
  year      = {2013},
  publisher = {InTech}
}

@article{REN13,
  title   = {wFReDoW: A Cloud-Based Web Environment to Handle Molecular Docking Simulations of a Fully Flexible Receptor Model},
  author  = {Renata De Paris and Fábio A. Frantz and Osmar Norberto de Souza and Duncan D. A. Ruiz},
  journal = {BioMed Research International},
  volume  = {2003},
  pages   = {12},
  year    = {2013}
}

@article{COH10,
  title  = {Um estudo do efeito da flexibilidade explícita da enzima InhA de M. tuberculosis na docagem molecular dos inibidores etionamida, triclosano e isoniazida-pentacionoferrato II},
  author = {Cohen, Elisângela Machado Leal},
  year   = {2010},
  url    = {http://hdl.handle.net/10923/1302}
}

@book{SIVSTE05,
   address      = {Indianapolis, IN},
   author       = {Sivakumar Harinath, Stephen R. Quinn},
   howpublished = {Paperback},
   month        = {October},
   numpages     = {86},
   publisher    = {Wiley Publishing, Inc},
   title        = {SQL Server Analysis Services 2005 with MDX},
   year         = {2006},
}

@article{KARANADUNOSM09,
   address   = {Angra Dos Reis, RJ, Brazil},
   author    = {Karina S. Machado, Ana T. Winck, Duncan D.A. Ruiz and Osmar Norberto de Souza},
   journal   = {5th International Conference of the Brazilian Association for Bioinformatics and Computational Biology},
   publisher = {BMC Genomics},
   title     = {Mining flexible-receptor docking experiments to select promising protein receptor snapshots},
   year      = {2009},
}

@book{TUR05,
  title     = {Administra{\c{c}}{\~a}o de tecnologia da informa{\c{c}}{\~a}o: teoria e pr{\'a}tica},
  author    = {Turban, E. and Potter, R.E.},
  isbn      = {9788535215717},
  url       = {http://books.google.com.br/books?id=gd0dAAAACAAJ},
  year      = {2005},
  publisher = {Elsevier}
}

@book{KIM13,
  title     = {The Data Warehouse Toolkit: The Definitive Guide to Dimensional Modeling},
  author    = {Kimball, R. and Ross, M.},
  isbn      = {9781118732281},
  url       = {http://books.google.com.br/books?id=4rFXzk8wAB8C},
  year      = {2013},
  publisher = {Wiley}
}

@online{MIC13,
  title  = {Analysis Services},
  author = {Microsoft Corporation},
  url    = {http://msdn.microsoft.com/en-us/library/bb522607(v=sql.120).aspx},
}

@online{TCL,
  title  = {Triclosan: What Consumers Should Know},
  author = {U.S. Food and Drug Administration},
  url    = {http://www.fda.gov/ForConsumers/ConsumerUpdates/ucm205999.htm},
}

@article{GAU08,
  title  = {Perfil de sensibilidade ao triclosan de isolados cl{\'\i}nicos de mycobacterium tuberculosis resistentes a isoniazida},
  author = {Gaut{\'e}rio, Daiane Porto and Ribeiro, Marta Os{\'o}rio and Groll, Andrea Von and Silva, M{\'a}rcia and Ramos, Daniela Fernandes and Rossetti, Maria Lucia and Scaini, Carlos James and Silva, Pedro Eduardo Almeida da},
  year   = {2008}
}

